@techreport{schwartz11,
   author      = {Lane Schwartz},
   title       = {How to Split Data to Speed Up {MERT}},
   institution = {Air Force Research Laboratory},
   year        = {2011},
   month       = {Jan}
}
